% Encoding: UTF-8

@Misc{bookexample,
 title = {Фамилия И.О. Название книги. — Город издательства: <<Издательство>>, Год. — Количество страниц.}
}

@Misc{book1author,
 title = {МакГрат М. Программирование на С для начинающих / пер. с англ. Михаил Райтман. — М: <<Эксмо>>, 2016. — 193.}
}

@Misc{book5author,
  title = {Программирование на языке С++ в среде Qt Creator / Е.Р. Алексеев, Г.Г. Злобин, Д.А. и др. — М.: Альт Линукс, 2015. 448 с.}
}

@Misc{wikiRUBitbucket,
 title = {Bitbucket [Электронный ресурс] Википедия — свободная энцциклопедия. Режим доступа: \href{https://ru.wikipedia.org/wiki/Bitbucket}{https://ru.wikipedia.org/wiki/Bitbucket}.},
 urldate = {2023-06-18}
}

@Misc{wikiRUGitHub,
 title = {Github [Электронный ресурс] Википедия — свободная энцциклопедия. Режим доступа: \href{https://ru.wikipedia.org/wiki/GitHub}{https://ru.wikipedia.org/wiki/GitHub}.},
 urldate = {2023-06-18}
}

@Misc{wikiRUIdSoftware,
 title = {Id Software [Электронный ресурс] Википедия — свободная энцциклопедия. Режим доступа: \href{https://ru.wikipedia.org/wiki/Id_Software}{https://ru.wikipedia.org/wiki/Id\_Software}.},
 urldate = {2023-06-18}
}

@Misc{wikiFL,
 title = {FLTK [Электронный ресурс] Википедия — свободная энцциклопедия. Режим доступа: \href{https://ru.wikipedia.org/wiki/FLTK}{https://ru.wikipedia.org/wiki/FLTK}.},
 urldate = {2024-06-18}
}

@Misc{wikiPy,
 title = {Python [Электронный ресурс] Википедия — свободная энцциклопедия. Режим доступа: \href{https://ru.wikipedia.org/wiki/Python}{https://ru.wikipedia.org/wiki/Python}.},
 urldate = {2024-06-18}
}

@Misc{wikiDen,
 title = {Дендрит (кристалл) [Электронный ресурс] Википедия — свободная энцциклопедия. Режим доступа: \href{https://ru.wikipedia.org/wiki/Дендрит_(кристалл)}{https://ru.wikipedia.org/wiki/Дендрит\_(кристалл)}.},
 urldate = {2024-06-18}
}

@Misc{expleDrw,
 title = {pyFltk scripts [Электронный ресурс] fhoerni.free.fr. Режим доступа: \href{http://fhoerni.free.fr/comp/pyFltk.html}{http://fhoerni.free.fr/comp/pyFltk.html}.},
 urldate = {2024-06-18}
}

@Misc{expleGit,
 title = {FLTK PLATFORMER [Электронный ресурс] GitHub. Режим доступа: \href{https://github.com/SubwayMan/FLTK-Platformer}{https://github.com/SubwayMan/FLTK-Platformer}.},
 urldate = {2024-06-18}
}

@Misc{docPyFl,
 title = {pyFLTK Documentation [Электронный ресурс] pyfltk.sourceforge.io. Режим доступа: \href{https://pyfltk.sourceforge.io/docs/CH0_Preface.html}{https://pyfltk.sourceforge.io/docs/CH0 Preface.html}.},
 urldate = {2024-06-18}
}

@Misc{docFl,
 title = {FLTK Documentation [Электронный ресурс] fltk.org. Режим доступа: \href{https://www.fltk.org/doc-1.3/index.html}{https://www.fltk.org/doc-1.3/index.html}.},
 urldate = {2024-06-18}
}

@Misc{wikiVS,
 title = {Visual Studio Code [Электронный ресурс] Википедия — свободная энцциклопедия. Режим доступа: \href{https://ru.wikipedia.org/wiki/Visual_Studio_Code}{https://ru.wikipedia.org/wiki/Visual Studio Code}.},
 urldate = {2024-12-17}
}

@Comment{jabref-meta: databaseType:biblatex;}
